@article{GerardKluckhohnRapoport56_Replacement,
	Author = {Gerard, RW and Kluckhohn, Clyde and Rapoport, Anatol},
	Journal = {Systems Research and Behavioral Science},
	Number = {1},
	Pages = {6--34},
	Title = {Biological and cultural evolution some analogies and explorations},
	Volume = {1},
	Year = {1956}}
@article{KraussGlucksberg77_SocialNonsocialSpeech,
	Author = {Krauss, Robert M and Glucksberg, Sam},
	Journal = {Scientific American},
	Number = {2},
	Pages = {100--105},
	Title = {Social and nonsocial speech},
	Volume = {236},
	Year = {1977}}

@article{SetohScottBaillargeon16_FalseBelief,
	Author = {Setoh, Peipei and Scott, Rose M. and Baillargeon, Ren{\'e}e},
	Journal = {Proceedings of the National Academy of Sciences},
	Number = {47},
	Pages = {13360-13365},
	Title = {Two-and-a-half-year-olds succeed at a traditional false-belief task with reduced processing demands},
	Volume = {113},
	Year = {2016}}

@article{FanEtAl17_Drawing,
	Author = {Fan, Judith E and Yamins, Daniel LK and Turk-Browne, Nicholas B},
	Journal = {bioRxiv},
	Pages = {097840},
	Title = {Common object representations for visual production and recognition},
	Year = {2017}}

@article{TheisenEtAl10_SystematicityArbitrariness,
	Author = {Theisen, Carrie Ann and Oberlander, Jon and Kirby, Simon},
	Journal = {Interaction Studies},
	Number = {1},
	Pages = {14--32},
	Title = {Systematicity and arbitrariness in novel communication systems},
	Volume = {11},
	Year = {2010}}

@article{RobertsGalantucci12_DualityOfPatterning,
	Author = {Roberts, Gareth and Galantucci, Bruno},
	Journal = {Language and cognition},
	Number = {4},
	Pages = {297--318},
	Title = {The emergence of duality of patterning: Insights from the laboratory},
	Volume = {4},
	Year = {2012}}

@article{RobertsEtAl15_IconocityOnCombinatoriality,
	Author = {Roberts, Gareth and Lewandowski, Jirka and Galantucci, Bruno},
	Journal = {Cognition},
	Pages = {52--66},
	Title = {How communication changes when we cannot mime the world: Experimental evidence for the effect of iconicity on combinatoriality},
	Volume = {141},
	Year = {2015}}

@inproceedings{VerhoefRobertsDingemanse15_Iconicity,
	Author = {Verhoef, Tessa and Roberts, Se{\'a}n G and Dingemanse, Mark},
	Booktitle = {Proceedings of the 37th annual Conference of the Cognitive Science Society},
	Editor = {D. C. Noelle and R. Dale and A. S. Warlaumont and J. Yoshimi and T. Matlock and C. D. Jennings and P. P. Maglio},
	Organization = {Cognitive Science Society},
	Title = {Emergence of systematic iconicity: Transmission, interaction and analogy},
	Year = {2015}}

@inproceedings{VerhoefEtAl16_TemporalLanguage,
	Author = {Verhoef, Tessa and Walker, Esther and Marghetis, Tyler},
	Booktitle = {The 38th annual meeting of the Cognitive Science Society (CogSci 2016)},
	Pages = {2615--2620},
	Title = {Cognitive biases and social coordination in the emergence of temporal language},
	Year = {2016}}


@article{FurnasEtAl87_VocabularyProblem,
	Author = {Furnas, George W. and Landauer, Thomas K. and Gomez, Louis M. and Dumais, Susan T.},
	Journal = {Communications of the ACM},
	Number = {11},
	Pages = {964--971},
	Title = {The vocabulary problem in human-system communication},
	Volume = {30},
	Year = {1987}}

@article{DingemanseEtAl15_IconicityLanguage,
	Author = {Dingemanse, Mark and Blasi, Dami{\'a}n E and Lupyan, Gary and Christiansen, Morten H and Monaghan, Padraic},
	Journal = {Trends in cognitive sciences},
	Number = {10},
	Pages = {603--615},
	Title = {Arbitrariness, Iconicity, and Systematicity in Language},
	Volume = {19},
	Year = {2015}}

@article{VerhoefKirbyBoer16_Iconicity,
	Author = {Verhoef, Tessa and Kirby, Simon and Boer, Bart},
	Journal = {Cognitive science},
	Number = {8},
	Pages = {1969--1994},
	Title = {Iconicity and the Emergence of Combinatorial Structure in Language},
	Volume = {40},
	Year = {2016}}

@article{DingemanseEtAl16_SoundSymbolism,
	Author = {Dingemanse, Mark and Schuerman, Will and Reinisch, Eva and Tufvesson, Sylvia and Mitterer, Holger},
	Journal = {Language},
	Number = {2},
	Pages = {e67--e83},
	Title = {What sound symbolism can and cannot do: testing the iconicity of ideophones from five languages},
	Volume = {92},
	Year = {2016}}

@article{FayGarrodRobertsSwoboda10_InteractiveEvolution,
	Author = {Fay, Nicolas and Garrod, Simon and Roberts, Leo and Swoboda, Nik},
	Journal = {Cognitive Science},
	Number = {3},
	Pages = {351--386},
	Title = {The interactive evolution of human communication systems},
	Volume = {34},
	Year = {2010}}

@article{FrankGoodmanTenenbaum09_Wurwur,
	Author = {Frank, Michael C and Goodman, Noah D and Tenenbaum, Joshua B},
	Journal = {Psychological Science},
	Number = {5},
	Pages = {578--585},
	Title = {Using speakers' referential intentions to model early cross-situational word learning},
	Volume = {20},
	Year = {2009}}

@article{YoonBrownSchmidt14_ConceptualPacts,
	Author = {Yoon, Si On and Brown-Schmidt, Sarah},
	Journal = {Journal of Experimental Psychology: Learning, Memory, and Cognition},
	Number = {4},
	Pages = {919},
	Title = {Adjusting conceptual pacts in three-party conversation.},
	Volume = {40},
	Year = {2014}}

@article{HortonGerrig05_MemoryAudienceDesign,
	Author = {Horton, William S and Gerrig, Richard J},
	Journal = {Cognition},
	Number = {2},
	Pages = {127--142},
	Title = {The impact of memory demands on audience design during language production},
	Volume = {96},
	Year = {2005}}

@article{LakeEtAl16_BuildingMachines,
	Author = {Lake, Brenden M and Ullman, Tomer D and Tenenbaum, Joshua B and Gershman, Samuel J},
	Journal = {Behavioral and Brain Sciences},
	Title = {Building machines that learn and think like people},
	Volume = {40},
	Year = {2017}}

@article{SteelsEtAl05_CoordinatingColors,
	Author = {Steels, Luc and Belpaeme, Tony},
	Journal = {Behavioral and brain sciences},
	Number = {4},
	Pages = {469--488},
	Title = {Coordinating perceptually grounded categories through language: A case study for colour},
	Volume = {28},
	Year = {2005}}

@book{Steels15_TalkingHeadsExperiment,
	Author = {Steels, Luc},
	Publisher = {Language Science Press},
	Title = {The Talking Heads experiment: Origins of words and meanings},
	Volume = {1},
	Year = {2015}}

@inproceedings{VelezEtAl16_Overlaps,
	Author = {V{\'e}lez, Natalia and Bridgers, Sophie and Gweon, Hyowon},
	Booktitle = {Proceedings of the 38th Annual Conference of the Cognitive Science Society. Austin, TX: Cognitive Science Society},
	Title = {Not all overlaps are equal: Social affiliation and rare overlaps of preferences},
	Year = {2016}}

@article{GershmanEtAl17_StructureSocialInfluence,
	Author = {Gershman, Samuel J. and Pouncy, Hillard Thomas and Gweon, Hyowon},
	Journal = {Cognitive Science},
	Pages = {545--575},
	Title = {Learning the Structure of Social Influence},
	Volume = {41},
	Year = {2017}}


@article{CaldwellSmith12_Conventions,
	Author = {Caldwell, Christine A and Smith, Kenny},
	Journal = {PloS one},
	Number = {8},
	Pages = {e43807},
	Title = {Cultural evolution and perpetuation of arbitrary communicative conventions in experimental microsocieties},
	Volume = {7},
	Year = {2012}}

@article{GarrodEtAl10_IteratedLearningGraphicalSymbols,
	Author = {Garrod, Simon and Fay, Nicolas and Rogers, Shane and Walker, Bradley and Swoboda, Nik},
	Journal = {Interaction Studies},
	Number = {1},
	Pages = {33--50},
	Title = {Can iterated learning explain the emergence of graphical symbols?},
	Volume = {11},
	Year = {2010}}

@book{Clark09_FirstLanguageAcquisition,
	Author = {Clark, Eve V},
	Publisher = {Cambridge University Press},
	Title = {First language acquisition},
	Year = {2009}}

@article{WeberCamerer03_CulturalConflict,
	Author = {Weber, Roberto A and Camerer, Colin F},
	Journal = {Management Science},
	Number = {4},
	Pages = {400--415},
	Title = {Cultural conflict and merger failure: An experimental approach},
	Volume = {49},
	Year = {2003}}

@article{MaltSloman04_ConversationConvention,
	Author = {Malt, Barbara C and Sloman, Steven A},
	Journal = {Memory \& cognition},
	Number = {8},
	Pages = {1346--1354},
	Title = {Conversation and convention: Enduring influences on name choice for common objects},
	Volume = {32},
	Year = {2004}}

@article{TesinkEtAl09_MeaningfMRI,
	Author = {Tesink, Cathelijne MJY and Petersson, Karl Magnus and Van Berkum, Jos JA and Van den Brink, Dani{\"e}lle and Buitelaar, Jan K and Hagoort, Peter},
	Journal = {Journal of Cognitive Neuroscience},
	Number = {11},
	Pages = {2085--2099},
	Title = {Unification of speaker and meaning in language comprehension: An fMRI study},
	Volume = {21},
	Year = {2009}}

@article{VanBerkum08_NeuralSpeakerMessage,
	Author = {Van Berkum, Jos JA and Van den Brink, Danielle and Tesink, Cathelijne MJY and Kos, Miriam and Hagoort, Peter},
	Journal = {Journal of cognitive neuroscience},
	Number = {4},
	Pages = {580--591},
	Title = {The neural integration of speaker and message},
	Volume = {20},
	Year = {2008}}

@article{HortonGerrig16_MemoryBasedReview,
	Author = {William S. Horton and Richard J. Gerrig},
	Journal = {Topics in Cognitive Science},
	Title = {Revisiting the Memory-Based Processing Approach to Common Ground},
	Year = {2016}}

@article{MetzingBrennan03_PartnerSpecificPacts,
	Author = {Metzing, Charles and Brennan, Susan E},
	Journal = {Journal of Memory and Language},
	Number = {2},
	Pages = {201--213},
	Title = {When conceptual pacts are broken: Partner-specific effects on the comprehension of referring expressions},
	Volume = {49},
	Year = {2003}}


@article{HupetEtAl91_CodabilityReference,
	Author = {Hupet, Michel and Seron, Xavier and Chantraine, Yves},
	Journal = {British Journal of Psychology},
	Number = {4},
	Pages = {449--462},
	Title = {The effects of the codability and discriminability of the referents on the collaborative referring procedure},
	Volume = {82},
	Year = {1991}}

@article{HupetChantraine92_CollaborationOrRepitition,
	Author = {Hupet, Michel and Chantraine, Yves},
	Journal = {Journal of psycholinguistic research},
	Number = {6},
	Pages = {485--496},
	Title = {Changes in repeated references: Collaboration or repetition effects?},
	Volume = {21},
	Year = {1992}}

@article{HupetEtAl93_YoungAndOldTangrams,
	Author = {Hupet, Michel and Chantraine, Yves and Nef, Fran{\c{c}}ois},
	Journal = {Psychology and Aging},
	Number = {3},
	Pages = {339},
	Title = {References in conversation between young and old normal adults.},
	Volume = {8},
	Year = {1993}}

@article{HassonGhazanfar___Keysers12BrainToBrain,
	Author = {Hasson, Uri and Ghazanfar, Asif A and Galantucci, Bruno and Garrod, Simon and Keysers, Christian},
	Journal = {Trends in cognitive sciences},
	Number = {2},
	Pages = {114--121},
	Title = {Brain-to-brain coupling: a mechanism for creating and sharing a social world},
	Volume = {16},
	Year = {2012}}

@article{CooperEtAl15_ProbabilisticTypeTheory,
	Author = {Cooper, Robin and Dobnik, Simon and Larsson, Staffan and Lappin, Shalom},
	Journal = {LiLT (Linguistic Issues in Language Technology)},
	Title = {Probabilistic type theory and natural language semantics},
	Volume = {10},
	Year = {2015}}

@inproceedings{DelaneyBuschEtAl17_Cogsci,
	Author = {Delaney-Busch, Nathaniel and Morgan, Emily and Lau, Ellen and Kuperberg, Gina},
	Booktitle = {Proceedings of the 39th annual meeting of the cognitive science society},
	Organization = {CogSci},
	Title = {Comprehenders Rationally Adapt Semantic Predictions to the Statistics of the Local Environment: a Bayesian Model of Trial-by-Trial N400 Amplitudes},
	Volume = {39},
	Year = {2017}}

@article{Fraser10_Hedging,
	Author = {Fraser, Bruce},
	Journal = {New approaches to hedging},
	Title = {Pragmatic competence: The case of hedging},
	Volume = {1534},
	Year = {2010}}

@inproceedings{MedlockBriscoe07_HedgeClassification,
	Author = {Medlock, Ben and Briscoe, Ted},
	Booktitle = {ACL},
	Pages = {992--999},
	Title = {Weakly supervised learning for hedge classification in scientific literature},
	Volume = {2007},
	Year = {2007}}

@article{MisyakEtAl16_InstantaneousConventions,
	Author = {Misyak, Jennifer and Noguchi, Takao and Chater, Nick},
	Journal = {Psychological Science},
	Title = {Instantaneous Conventions: The Emergence of Flexible Communicative Signals},
	Year = {2016}}

@article{Yildirim16_TalkerSpecificityQuantifiers,
	Author = {Yildirim, Ilker and Degen, Judith and Tanenhaus, Michael K and Jaeger, T Florian},
	Journal = {Journal of memory and language},
	Pages = {128--143},
	Title = {Talker-specificity and adaptation in quantifier interpretation},
	Volume = {87},
	Year = {2016}}

@article{Clark83_NonceSense,
	Author = {Clark, Herbert H},
	Journal = {The process of language understanding},
	Pages = {297--331},
	Title = {Making sense of nonce sense},
	Year = {1983}}


@article{ClarkGerrig83_OldWordsNewMeanings,
	Author = {Clark, Herbert H and Gerrig, Richard J},
	Journal = {Journal of verbal learning and verbal behavior},
	Number = {5},
	Pages = {591--608},
	Title = {Understanding old words with new meanings},
	Volume = {22},
	Year = {1983}}

@article{ClarkClark79_NounsSurfaceAsVerbs,
	Author = {Clark, Eve V and Clark, Herbert H},
	Journal = {Language},
	Pages = {767--811},
	Title = {When nouns surface as verbs},
	Year = {1979}}

@article{GerrigBortfeld99_SenseCreation,
	Author = {Gerrig, Richard J and Bortfeld, Heather},
	Journal = {Journal of memory and Language},
	Number = {4},
	Pages = {457--468},
	Title = {Sense creation in and out of discourse contexts},
	Volume = {41},
	Year = {1999}}

@article{LascaridesCopestake98_PragmaticsWordMeaning,
	Author = {Lascarides, Alex and Copestake, Ann},
	Journal = {Journal of linguistics},
	Number = {2},
	Pages = {387--414},
	Title = {Pragmatics and word meaning},
	Volume = {34},
	Year = {1998}}

@book{Glucksberg01_FigurativeLanguage,
	Author = {Glucksberg, Sam and McGlone, Matthew S},
	Number = {36},
	Publisher = {Oxford University Press on Demand},
	Title = {Understanding figurative language: From metaphor to idioms},
	Year = {2001}}

@article{PottsEtAl16_EmbeddedImplicatures,
	Author = {Potts, Christopher and Lassiter, Daniel and Levy, Roger and Frank, Michael C},
	Journal = {Journal of Semantics},
	Number = {4},
	Pages = {755--802},
	Title = {Embedded implicatures as pragmatic inferences under compositional lexical uncertainty},
	Volume = {33},
	Year = {2016}}

@inproceedings{PottsLevy15_Or,
	Author = {Potts, Christopher and Levy, Roger},
	Booktitle = {Proceedings of the 41st Annual Meeting of the Berkeley Linguistics Society},
	Number = {41},
	Organization = {Berkeley Linguistics Society},
	Title = {Negotiating lexical uncertainty and speaker expertise with disjunction},
	Volume = {41},
	Year = {2015}}

@article{LassiterGoodman15_AdjectivalVagueness,
	Author = {Lassiter, Daniel and Goodman, Noah D.},
	Journal = {Synthese},
	Pages = {1-36},
	Title = {Adjectival vagueness in a Bayesian model of interpretation},
	Year = {2015}}

@article{KleinschmidtJaeger15_RobustSpeechPerception,
	Author = {Kleinschmidt, Dave F and Jaeger, T Florian},
	Journal = {Psychological review},
	Number = {2},
	Pages = {148},
	Title = {Robust speech perception: Recognize the familiar, generalize to the similar, and adapt to the novel.},
	Volume = {122},
	Year = {2015}}

@article{MarkmanMakin98_ReferentialCommunicationCategory,
	Author = {Markman, Arthur B and Makin, Valerie S},
	Journal = {Journal of Experimental Psychology: General},
	Number = {4},
	Pages = {331},
	Title = {Referential communication and category acquisition.},
	Volume = {127},
	Year = {1998}}

@inproceedings{FrankeEtAl16_CrowdBelieve,
	Author = {Franke, Michael and Dablander, Fabian and Sch{\"o}ller, Anthea and Bennett, ED and Degen, Judith and Tessler, Michael Henry and Kao, Justine and Goodman, Noah D},
	Booktitle = {Proceedings of the 38th annual meeting of the cognitive science society},
	Title = {What does the crowd believe? A hierarchical approach to estimating subjective beliefs from empirical data},
	Year = {2016}}

@article{DuffBrownSchmidt12_Hippocampus,
	Author = {Duff, Melissa C and Brown-Schmidt, Sarah},
	Journal = {Frontiers in human neuroscience},
	Pages = {69},
	Title = {The hippocampus and the flexible use and processing of language},
	Volume = {6},
	Year = {2012}}

@article{BergelsonAslin17_Lexicon,
	Author = {Bergelson, Elika and Aslin, Richard N.},
	Journal = {Proceedings of the National Academy of Sciences},
	Number = {49},
	Pages = {12916-12921},
	Title = {Nature and origins of the lexicon in 6-mo-olds},
	Volume = {114},
	Year = {2017}}


@article{JonesEtAl15_SemanticMemory,
	Author = {Jones, Michael N and Willits, Jon and Dennis, Simon and Jones, Michael},
	Journal = {Oxford handbook of mathematical and computational psychology},
	Pages = {232--254},
	Title = {Models of semantic memory},
	Year = {2015}}


@article{GriffithsSteyversTenenbaum07_Topics,
	Author = {Griffiths, Thomas L and Steyvers, Mark and Tenenbaum, Joshua B},
	Journal = {Psychological review},
	Number = {2},
	Pages = {211},
	Title = {Topics in semantic representation.},
	Volume = {114},
	Year = {2007}}


@article{HuthEtAl16_SemanticMaps,
	Author = {Huth, Alexander G and de Heer, Wendy A and Griffiths, Thomas L and Theunissen, Fr{\'e}d{\'e}ric E and Gallant, Jack L},
	Journal = {Nature},
	Number = {7600},
	Pages = {453--458},
	Title = {Natural speech reveals the semantic maps that tile human cerebral cortex},
	Volume = {532},
	Year = {2016}}

@incollection{GoodmanLassiter14_Semantics,
	Author = {Goodman, Noah D and Lassiter, Daniel},
	Booktitle = {Handbook of Contemporary Semantic Theory},
	Editor = {Lappin, Shalom and Fox, Chris},
	Publisher = {Wiley-Blackwell},
	Title = {Probabilistic semantics and pragmatics: Uncertainty in language and thought},
	Year = {2014}}

@book{Cruse86_LexicalSemantics,
	Author = {Cruse, D Alan},
	Publisher = {Cambridge University Press},
	Title = {Lexical semantics},
	Year = {1986}}

@book{Pinker95_LanguageInstinct,
	Author = {Pinker, Steven},
	Publisher = {Penguin UK},
	Title = {The language instinct: The new science of language and mind},
	Year = {1995}}

@article{Steels03_GroundedCommunication,
	Author = {Steels, Luc},
	Journal = {Trends in Cognitive Sciences},
	Number = {7},
	Pages = {308--312},
	Title = {Evolving grounded communication for robots},
	Volume = {7},
	Year = {2003}}


@article{HortonGerrig02_AudienceDesign,
	Author = {Horton, William S and Gerrig, Richard J},
	Journal = {Journal of Memory and Language},
	Number = {4},
	Pages = {589--606},
	Title = {Speakers' experiences and audience design: Knowing when and knowing how to adjust utterances to addressees},
	Volume = {47},
	Year = {2002}}

@article{KraussWeinheimer64_ReferencePhrases,
	Author = {Krauss, Robert M and Weinheimer, Sidney},
	Date-Added = {2016-11-22 20:37:01 +0000},
	Date-Modified = {2017-01-17 01:00:08 +0000},
	Journal = {Psychonomic Science},
	Number = {1-12},
	Pages = {113--114},
	Publisher = {Springer},
	Read = {1},
	Title = {Changes in reference phrases as a function of frequency of usage in social interaction: A preliminary study},
	Volume = {1},
	Year = {1964}}


@article{TenenbaumKempGriffithsGoodman11_Grow_a_Mind_Science,
	Author = {Tenenbaum, Joshua B and Kemp, Charles and Griffiths, Thomas L and Goodman, Noah D},
	Journal = {science},
	Number = {6022},
	Pages = {1279--1285},
	Title = {How to grow a mind: Statistics, structure, and abstraction},
	Volume = {331},
	Year = {2011}}


@inproceedings{HawkinsFrankGoodman17_ConventionFormation,
	Author = {Hawkins, Robert X. D. and Frank, Michael C and Goodman, Noah D},
	Booktitle = {Proceedings of the 39th annual meeting of the cognitive science society},
	Title = {Convention-formation in iterated reference games},
	Year = {2017}}

@article{KempGoodmanTenenbaum10_LearningToLearn,
	Author = {Kemp, Charles and Goodman, Noah D and Tenenbaum, Joshua B},
	Journal = {Cognitive Science},
	Number = {7},
	Pages = {1185--1243},
	Title = {Learning to learn causal models},
	Volume = {34},
	Year = {2010}}



@article{GoodmanUllmanTenenbaum11_TheoryOfCausality,
	Author = {Goodman, Noah D and Ullman, Tomer D and Tenenbaum, Joshua B},
	Journal = {Psychological review},
	Number = {1},
	Pages = {110},
	Title = {Learning a theory of causality.},
	Volume = {118},
	Year = {2011}}

@article{KempPerforsTenenbaum07_HBM,
	Author = {Kemp, Charles and Perfors, Amy and Tenenbaum, Joshua B},
	Journal = {Developmental science},
	Number = {3},
	Pages = {307--321},
	Title = {Learning overhypotheses with hierarchical Bayesian models},
	Volume = {10},
	Year = {2007}}

@inproceedings{GrafEtAl16_BasicLevel,
	Author = {Graf, Caroline and Degen, Judith and Hawkins, Robert X. D. and Goodman, Noah D},
	Booktitle = {Proceedings of the 38th Annual Conference of the {C}ognitive {S}cience {S}ociety},
	Title = {Animal, dog, or dalmatian? Level of abstraction in nominal referring expressions},
	Year = {2016}}

@article{FrankGoodman12_PragmaticReasoningLanguageGames,
	Author = {Frank, Michael C and Goodman, Noah D},
	Journal = {Science},
	Number = {6084},
	Pages = {998--998},
	Title = {Predicting pragmatic reasoning in language games},
	Volume = {336},
	Year = {2012}}

@article{GoodmanFrank16_RSATiCS,
	Author = {Goodman, Noah D and Frank, Michael C},
	Journal = {Trends in Cognitive Sciences},
	Number = {11},
	Pages = {818 - 829},
	Title = {Pragmatic language interpretation as probabilistic inference},
	Volume = {20},
	Year = {2016}}

@article{BergenLevyGoodman16_LexicalUncertainty,
	Author = {Bergen, Leon and Levy, Roger and Goodman, Noah},
	Journal = {Semantics and Pragmatics},
	Number = {20},
	Title = {Pragmatic reasoning through semantic inference},
	Volume = {9},
	Year = {2016}}

@inproceedings{SmithGoodmanFrank13_RecursivePragmaticReasoningNIPS,
	Author = {Smith, Nathaniel J and Goodman, Noah and Frank, Michael},
	Booktitle = {Advances in neural information processing systems},
	Pages = {3039--3047},
	Title = {Learning and using language via recursive pragmatic reasoning about other agents},
	Year = {2013}}

@article{SchoberClark89_Overhearers,
	Author = {Schober, Michael F and Clark, Herbert H},
	Journal = {Cognitive Psychology},
	Number = {2},
	Pages = {211--232},
	Title = {Understanding by addressees and overhearers},
	Volume = {21},
	Year = {1989}}

@book{VanDeemter16_ComputationalModelsOfReferring,
	Author = {van Deemter, Kees},
	Publisher = {MIT Press},
	Title = {Computational models of referring: a study in cognitive science},
	Year = {2016}}

@article{KoolenGattGoudbeekKrahmer11_Overspecification,
	Author = {Koolen, Ruud and Gatt, Albert and Goudbeek, Martijn and Krahmer, Emiel},
	Journal = {Journal of Pragmatics},
	Number = {13},
	Pages = {3231--3250},
	Title = {Factors causing overspecification in definite descriptions},
	Volume = {43},
	Year = {2011}}

@article{KuhlenBrennan13_LanguageInDialogue,
	Author = {Kuhlen, Anna K and Brennan, Susan E},
	Journal = {Psychonomic bulletin \& review},
	Number = {1},
	Pages = {54--72},
	Title = {Language in dialogue: when confederates might be hazardous to your data},
	Volume = {20},
	Year = {2013}}

@book{Wittgenstein09_PhilosophicalInvestigations,
	Address = {Oxford},
	Author = {Wittgenstein, Ludwig},
	Edition = {4th},
	Editor = {Hacker, P. M. S.  and Schulte, Joachim },
	Publisher = {Wiley-Blackwell},
	Title = {Philosophical investigations},
	Year = {2010}}


@article{HealeySwobodaUmataKing07_GraphicalLanguageGames,
	Author = {Healey, Patrick GT and Swoboda, Nik and Umata, Ichiro and King, James},
	Journal = {Cognitive Science},
	Number = {2},
	Pages = {285--309},
	Title = {Graphical language games: Interactional constraints on representational form},
	Volume = {31},
	Year = {2007}}

@article{FussellKrauss92_JPSP,
	Author = {Fussell, Susan R and Krauss, Robert M},
	Journal = {Journal of personality and Social Psychology},
	Number = {3},
	Pages = {378},
	Title = {Coordination of knowledge in communication: effects of speakers' assumptions about what others know.},
	Volume = {62},
	Year = {1992}}


@book{GelmanEtAl14_BDA,
	Author = {Gelman, Andrew and Carlin, John B and Stern, Hal S and Dunson, David B and Vehtari, Aki and Rubin, Donald B},
	Edition = {3rd},
	Publisher = {CRC press Boca Raton, FL},
	Title = {Bayesian data analysis},
	Year = {2014}}

@article{FussellKrauss89_FriendsAndStrangers,
	Author = {Fussell, Susan R and Krauss, Robert M},
	Journal = {European Journal of Social Psychology},
	Number = {6},
	Pages = {509--525},
	Title = {Understanding friends and strangers: The effects of audience design on message comprehension},
	Volume = {19},
	Year = {1989}}


@incollection{Clark98_CommunalLexicons,
	Address = {Cambridge},
	Author = {Clark, Herbert H},
	Booktitle = {Context in language learning and language understanding},
	Chapter = {4},
	Editor = {Malmkjaer, K. and Williams, J.},
	Pages = {63--87},
	Publisher = {Cambridge University Press},
	Title = {Communal Lexicons},
	Year = {1998}}


@article{Davidson86_DerangementOfEpitaphs,
	Author = {Davidson, Donald},
	Journal = {Philosophical grounds of rationality: Intentions, categories, ends},
	Pages = {157--174},
	Title = {A nice derangement of epitaphs},
	Volume = {4},
	Year = {1986}}

@article{GarrodFayLeeOberlanderMacLeod07_GraphicalSymbolSystems,
	Author = {Garrod, Simon and Fay, Nicolas and Lee, John and Oberlander, Jon and MacLeod, Tracy},
	Journal = {Cognitive Science},
	Number = {6},
	Pages = {961--987},
	Title = {Foundations of representation: where might graphical symbol systems come from?},
	Volume = {31},
	Year = {2007}}

@article{KraussWeinheimer66_Tangrams,
	Author = {Krauss, Robert M and Weinheimer, Sidney},
	Journal = {Journal of Personality and Social Psychology},
	Number = {3},
	Pages = {343},
	Title = {Concurrent feedback, confirmation, and the encoding of referents in verbal communication.},
	Volume = {4},
	Year = {1966}}

@article{Galantucci05_EmergenceOfCommunication,
	Author = {Galantucci, Bruno},
	Journal = {Cognitive science},
	Number = {5},
	Pages = {737--767},
	Title = {An experimental study of the emergence of human communication systems},
	Volume = {29},
	Year = {2005}}


@article{KraussEtAl77_AudioVisualBackChannel,
	Author = {Krauss, Robert M and Garlock, Connie M and Bricker, Peter D and McMahon, Lee E},
	Journal = {Journal of personality and social psychology},
	Number = {7},
	Pages = {523},
	Title = {The role of audible and visible back-channel responses in interpersonal communication.},
	Volume = {35},
	Year = {1977}}

@article{GlucksbergKraussWeisberg66_DevoRefGames,
	Author = {Glucksberg, Sam and Krauss, Robert M and Weisberg, Robert},
	Journal = {Journal of experimental child psychology},
	Number = {4},
	Pages = {333--342},
	Title = {Referential communication in nursery school children: Method and some preliminary findings},
	Volume = {3},
	Year = {1966}}

@article{KraussGlucksberg69_DevoReferenceGames,
	Author = {Krauss, Robert M and Glucksberg, Sam},
	Journal = {Child development},
	Pages = {255--266},
	Title = {The development of communication: Competence as a function of age},
	Year = {1969}}

@article{KraussWeinheimer67_ReferentSimilarity,
	Author = {Krauss, Robert M and Weinheimer, Sidney},
	Journal = {Journal of Verbal Learning and Verbal Behavior},
	Number = {3},
	Pages = {359--363},
	Title = {Effect of referent similarity and communication mode on verbal encoding},
	Volume = {6},
	Year = {1967}}

@article{Olson70_LanguageThought,
	Author = {Olson, David R},
	Journal = {Psychological review},
	Number = {4},
	Pages = {257},
	Title = {Language and thought: Aspects of a cognitive theory of semantics.},
	Volume = {77},
	Year = {1970}}

@article{Carroll80_NamingHedges,
	Author = {Carroll, John M},
	Journal = {Language and Speech},
	Number = {4},
	Pages = {309--322},
	Title = {Naming and describing in social communication},
	Volume = {23},
	Year = {1980}}

@article{Danks70_EncodingCommunication,
	Author = {Danks, Joseph H},
	Journal = {Cognitive Psychology},
	Number = {2},
	Pages = {179--191},
	Title = {Encoding of novel figures for communication and memory},
	Volume = {1},
	Year = {1970}}



@article{Innes76_InnerExternal,
	Author = {Innes, John M},
	Journal = {British Journal of Social \& Clinical Psychology},
	Title = {The structure and communication effectiveness of inner and external speech.},
	Year = {1976}}

@article{KraussEtAl68_InnerSpeech,
	Author = {Krauss, Robert M and Vivekananthan, PS and Weinheimer, Sidney},
	Journal = {Journal of Personality and Social Psychology},
	Number = {4},
	Pages = {295},
	Title = {Inner speech and" external speech": Characteristics and communication effectiveness of socially and nonsocially encoded messages.},
	Volume = {9},
	Year = {1968}}

@article{KraussBricker67_Delay,
	Author = {Krauss, Robert M and Bricker, Peter D},
	Journal = {The Journal of the Acoustical Society of America},
	Number = {2},
	Pages = {286--292},
	Title = {Effects of transmission delay and access delay on the efficiency of verbal communication},
	Volume = {41},
	Year = {1967}}

@article{FussellKrauss89_IntendedAudienceCommonGround,
	Author = {Fussell, Susan R and Krauss, Robert M},
	Journal = {Journal of Experimental Social Psychology},
	Number = {3},
	Pages = {203--219},
	Title = {The effects of intended audience on message production and comprehension: Reference in a common ground framework},
	Volume = {25},
	Year = {1989}}

@article{CentolaBaronchelli15_ConventionEmergence,
	Author = {Centola, Damon and Baronchelli, Andrea},
	Journal = {Proceedings of the National Academy of Sciences},
	Number = {7},
	Pages = {1989--1994},
	Title = {The spontaneous emergence of conventions: An experimental study of cultural evolution},
	Volume = {112},
	Year = {2015}}

@article{GarrodDoherty94_GroupConventionsLinguistics,
	Author = {Garrod, Simon and Doherty, Gwyneth},
	Journal = {Cognition},
	Number = {3},
	Pages = {181--215},
	Title = {Conversation, co-ordination and convention: An empirical investigation of how groups establish linguistic conventions},
	Volume = {53},
	Year = {1994}}

@book{Lewis69_Convention,
	Author = {Lewis, David},
	Publisher = {Harvard University Press},
	Title = {Convention: A philosophical study},
	Year = {1969}}

@article{WilkesGibbsClark92_CoordinatingBeliefs,
	Author = {Wilkes-Gibbs, Deanna and Clark, Herbert H},
	Journal = {Journal of memory and language},
	Number = {2},
	Pages = {183--194},
	Title = {Coordinating beliefs in conversation},
	Volume = {31},
	Year = {1992}}

@article{IsaacsClark87_ReferencesExpertsNovices,
	Author = {Isaacs, Ellen A and Clark, Herbert H},
	Journal = {Journal of Experimental Psychology: General},
	Number = {1},
	Pages = {26},
	Title = {References in conversation between experts and novices.},
	Volume = {116},
	Year = {1987}}

@article{ClarkWilkesGibbs86_ReferringCollaborative,
	Author = {Clark, Herbert H and Wilkes-Gibbs, Deanna},
	Journal = {Cognition},
	Number = {1},
	Pages = {1--39},
	Title = {Referring as a collaborative process},
	Volume = {22},
	Year = {1986}}

@article{GarrodAnderson87_SayingWhatYouMean,
	Author = {Garrod, Simon and Anderson, Anthony},
	Journal = {Cognition},
	Number = {2},
	Pages = {181--218},
	Title = {Saying what you mean in dialogue: A study in conceptual and semantic co-ordination},
	Volume = {27},
	Year = {1987}}

@article{BrennanClark96_ConceptualPactsConversation,
	Author = {Brennan, Susan E and Clark, Herbert H},
	Journal = {Journal of Experimental Psychology: Learning, Memory, and Cognition},
	Number = {6},
	Pages = {1482},
	Title = {Conceptual pacts and lexical choice in conversation.},
	Volume = {22},
	Year = {1996}}
